% Encoding: UTF-8

@manual{d3api:2018,
    title  = "D3 API documentation",
    author = "Mike Bostock",
    url    = "https://github.com/d3/d3/blob/master/API.md#geographies-d3-geo",
    year   = "2018 (accessed: 22.02.2018)"
}

@manual{blocksmercator:2018,
    title = "Basic D3 map (Mercator) in d3v4",
    author = "Mike Bostock",
    url = "http://bl.ocks.org/almccon/fe445f1d6b177fd0946800a48aa59c71",
    year = "2018 (accessed: 22.02.2018)"
}

@manual{blockscolombia:2018,
    title = "GeoJson map of Colombia",
    author = "John Alexis Guerra Gomez",
    url = "https://bl.ocks.org/john-guerra/43c7656821069d00dcbc",
    year = "2018 (accessed: 22.02.2018)"
}

@Comment{jabref-meta: databaseType:bibtex;}
